% Prediction and Migration
@inproceedings{isca09-thread-motion,
  title={{Thread Motion: Fine-Grained Power Management for Multi-Core Systems}}, 
  author="Krishna K Rangan and Gu-Yeon Wei and David Brooks", 
  booktitle="International Symposium on Computer Architecture (ISCA)",
  month="June", year="2009"}

@inproceedings{isca09-abhishek,
  title={{Thread Criticality Predictors for Dynamic Performance, Power, and Resource Management in Chip Multiprocessors}}, 
  author="Abhishek Bhattacharjee and Margaret Martonosi", 
  booktitle="International Symposium on Computer Architecture (ISCA)",
  month="June", year="2009"}


@inproceedings{micro06-isci,
  title={{An Analysis of Efficient Multi-Core Global Power Management Policies: Maximizing Performance for a Given Power Budget}}, 
  author="C Isci and A Buyuktosunoglu and C Cher and P Bose and M Martonosi", 
  booktitle="International Symposium on Microarchitecture (MICRO)",
  month="December", year="2006"}

@article{ieeemicro05-isci,
  author="C Isci and A Buyuktosunoglu and C Cher and P Bose and M Martonosi",
  title={{Phases: Duration Predictions and Applications to DVFS}},
  journal="IEEE Micro", year="2005"}


% Flautner's paper


%PowerAgile Computing

@article{barroso-energy-proportional-07,
  author="Luiz Andre Barroso and Urs Holzle",
  title={{The Case for Energy-Proportional Computing}},
  journal="IEEE Computer",
  month="December", year="2007"}

@inproceedings{isca07-warehouse-computer,
  title={{Power Provisioning for a Warehouse-sized Computer}}, 
  author="Xiaobo Fan and Wolf-Dietrich Weber and Luiz Andre Barroso", 
  booktitle="International Symposium on Computer Architecture (ISCA)",
  month="June", year="2007"}


@article{m5-ieeemicro,
  author="Nathan L. Binkert and Ronald G. Dreslinski and Lisa R. Hsu and Kevin T. Lim and Ali G. Saidi and Steven K. Reinhardt",
  title={{The M5 Simulator: Modeling Networked Systems}},
  journal="IEEE Micro",
  pages="52-60", month="July-Aug", year="2006"}


%Health Monitoring and Persuasive Computing
@inproceedings{flowie-pervasivehealth09,
  title={{Flowie: A persuasive virtual coach to motivate elderly individuals to walk}}, 
  author="Ifiaki Merino Albaina and Thomas Visser and Charles A.P.G. van der Mast and Martijn H. Vastenburg", 
  booktitle="3rd International Conference on Pervasive Computing Technologies for Healthcare, 2009.",
  month="April", year="2009"}

@inproceedings{teen-pervasivehealth08,
  title={{Encouraging physical activity in teens Can technology help reduce barriers to physical activity in adolescent girls?}}, 
  author="Tammy Toscos and  Anne Faber and Kay Connelly and Adity Mutsuddi Upoma", 
  booktitle="2rd International Conference on Pervasive Computing Technologies for Healthcare, 2009.",
  month="January", year="2008"}



% Mark's bib tex of current citations

@inproceedings{brooks-hpca01,
  title={{Dynamic Thermal Management for High-Performance Microprocessors}}, 
  author="David Brooks and M Martonosi", 
  booktitle="International Symposium on High Performance Microarchitecture (HPCA)",
  month="January", year="2001"}


@article{albonesi-computer03,
  author="D H Albonesi and R Balasubramonian and S G Dropsho and S Dwarkadas and E G Friedman and M C Huang and V Kursun and G Magklis and M L Scott and G Semeraro and P Bose and A Buyuktosunoglu and P W Cook and S E Schuster",
  title={{Dynamically tuning processor resources with adaptive processing}},
  journal="IEEE Computer",
  year="2003"}


@book{kaxiras-martonosi-book,
  author="Stefanos Kaxiras and Margaret Martonosi", 
  title={{Computer Architecture Techniques for Power-Efficiency}}, 
  publisher="Morgan \& Claypool Publishers", 
  year="2008"}


@inproceedings{micro09-shye,
  title={{Into the Wild: Studying Real User Activity Patterns to Guide Power Optimizations for Mobile Architectures}}, 
  author="Alex Shye and Benjamin Scholbrock and Gokhan Memik", 
  booktitle="International Symposium on Microarchitecture (MICRO)",
  month="December", year="2009"}

@inproceedings{micro09-kontorinis,
  title={{Reducing Peak Power with a Table-Driven Adaptive Processor Core}}, 
  author="Vasileios Kontorinis and Amirali Shayan and Dean Tullsen and Rakesh Kumar", 
  booktitle="International Symposium on Microarchitecture (MICRO)",
  month="December", year="2009"}


@inproceedings{micro03-isci,
  title={{Runtime powermonitoring in high-end processors: methodology and empirical data}}, 
  author="C Isci and Margaret Martonosi", 
  booktitle="International Symposium on Microarchitecture (MICRO)",
  month="November", year="2003"}

@inproceedings{islped05-contreras,
  title={{Power prediction for intel XScale processors using performance monitoring unit events}}, 
  author="G Contreras and Margaret Martonosi", 
  booktitle="International Symposium on Low Power Electronics and Design (ISLPED)",
  month="June", year="2005"}

@inproceedings{islped-joseph-hw-counters,
  title={{Run-time power estimation in high performance microprocessors}}, 
  author="Russ Joseph and Margaret Martonosi", 
  booktitle="International Symposium on Low Power Electronics and Design (ISLPED)",
  month="June", year="2001"}

@inproceedings{islped05-bircher,
  title={{Runtime identification of microprocessor energy saving opportunities}}, 
  author="W L Bircher and M Valluri and J Law and L K John", 
  booktitle="International Symposium on Low Power Electronics and Design (ISLPED)",
  month="June", year="2005"}


@inproceedings{sensys08-pixie,
  title={{Resource Aware Programming in the Pixie OS}}, 
  author="Konrad Lorincz and Bor-rong Chen and Jason Waterman and Geoff Werner-Allen and Matt Welsh", 
  booktitle="ACM Conference on Embedded Networked Sensor Systems (SenSys'08)",
  month="November", year="2008"}

@inproceedings{sensys07-levels,
  title={{Meeting lifetime goals with energy levels}}, 
  author="A Lachenmann and P J Marron and D Minder and K Rothermer", 
  booktitle="ACM Conference on Embedded Networked Sensor Systems (SenSys'07)",
  month="November", year="2007"}

@inproceedings{sensys07-eon,
  title={{Eon: A Language and Runtime System for Perpetual Systems}}, 
  author="J Sorber and A Kostadinov and M Brennan and M Garber and M Corner and E D Berger", 
  booktitle="ACM Conference on Embedded Networked Sensor Systems (SenSys'07)",
  month="November", year="2007"}

@inproceedings{ipsn08-dutta,
  title={{Energy metering for free: Augmenting switching regulators for real-time monitoring}}, 
  author="P Dutta and M Feldmeier and J Paradiso and D Culler", 
  booktitle="International Conference on Information Processing in Sensor Networks (IPSN'08)",
  month="April", year="2008"}


@inproceedings{mobisys10-idea,
  title={{IDEA: Integrated Distributed Energy Awareness for Wireless Sensor Networks}}, 
  author="Geoffrey Werner Challen and Jason Waterman and Matt Welsh", 
  booktitle="Proceedings of the 8th Annual International Conference on Mobile Systems, Applications and Services (MobiSys'10)",
  month="June", year="2010"}

@inproceedings{mobiheld09-cinder,
  title={{Apprehending joule thieves with cinder}}, 
  author="S M Rumble and R Stutsman and P Levis and D Mazieres and N Zeldovich", 
  booktitle="Proceedings of the 1st Annual ACM workshop on networking, systems, and applications for mobile handhelds (MobiSys'10)",
  month="August", year="2009"}


@inproceedings{nsdi05-mainland,
  title={{Decentralized, adaptive resource allocation for sensor networks}}, 
  author="G Mainland and D C Parkes and Matt Welsh", 
  booktitle="Symposium on Networked Systems (NSDI'05)",
  month="May", year="2005"}

@inproceedings{hotos09-penlton,
  title={{Peloton: Coordinated Resource Management for Sensor Networks}}, 
  author="Jason Waterman and Geoffrey Werner Challen and Matt Welsh", 
  booktitle="In Proceedings of the 12th Workshop on Hot Topics in Operating Systems (HotOS-XII)",
  month="May", year="2009"}


@inproceedings{osdi08-quanto,
  author="R Fonseca and P Dutta and P Levis and I Stoica",
  title={{Quanto: Tracking energy in networked embedded systems}},
 booktitle = "Proceedings of the USENIX Symposium on Operating Systems Design and Implementation (OSDI)",
  month = "November",
  year = 2008}

@inproceedings{ipsn05-motelab,
  title={{MoteLab: A Wireless Sensor Network Testbed}}, 
  author="Geoff Werner-Allen and P Swieskowski and Matt Welsh", 
  booktitle="Fourth International Conference on Information Processing in Sensor Networks (IPSN'05)",
  month="April", year="2005"}


@article{powertimer,
  author={{S. Hanson et al.}},
  title={{New methodology for early-stage,microarchitecture-level power-performance analysis
of microprocessors}},
  journal="IBM Journal of Research and Development",
  month="Nov/Dec", year="2003"}


@techreport{cacti-4-tr,
  title={{CACTI 4.0}},
  author="Suman Nath and Yan Ke and Phillip B. Gibbons and Brad Karp and Srinivasan Seshan",
  institution="Hewlett-Packard Laboratories Technical Report",
  number="HPL-2006-86", month="June", year="2006"}


@inproceedings{isca00-wattch,
  title={{Wattch: a framework for architectural level
power analysis and optimizations}}, 
  author="D. M. Brooks and V. Tiwari and M. Martonosi", 
  booktitle="The 27th Annual International Symposium on Computer Architecture (ISCA)",
  month="June", year="2000"}


@inproceedings{sensys05-iMote2,
  title={Intel Mote 2: an advanced platform for demanding sensor network applications},
  author="Robert Adler and Mick Flanigan and Jonathan Huang and Ralph Kling and Nandakishore Kushalnagar and Lama Nachman and Chieh-Yih Wan and Mark Yarvis", 
  booktitle = "Proceedings of the Third ACM Conference on Embedded Networked Sensor Systems (SenSys'05)",
  address = "San Diego, CA",
  month="Nov", year="2005"}

@inproceedings{wmaswm00-cignetti,
  title={{Energy estimation tools for the Palm}}, 
  author="T L Cignetti and K Komarov and C S Ellis", 
  booktitle="Intl. Workshop on Modeling, Analysis and Simulation Wireless and Mobile Systems",
  month="August", year="2000"}

@inproceedings{codes06-gurun,
  title={{A run-time feedback-based energy estimation model for embedded devices}}, 
  author="S Gurun and C Krintz", 
  booktitle="Intl. Conference on Hardware/Software Codesign and System Synthesis",
  month="October", year="2006"}

@inproceedings{dac01-tan,
  title={{High-level software energy macro-modeling}}, 
  author="T K Tan and A Raghunathan and G Lakshiminarayana and N K Jha", 
  booktitle="Design Automation Conference (DAC)",
  month="June", year="2001"}

@inproceedings{asplos08-picsel, 
  Title = {{PICSEL: Measuring user-perceived performance to control dynamic frequency scaling}},
  Author = {A Mallik and J Cosgrove and R Dick and G Memik and P Dinda}, 
  booktitle = "Proceedings International conference on Architectural support for programming languages and operating systems",
  month="March", year="2008"}


% more citations for HotChips - shortened versions

@article{jssc08-hanson-michigan,
  author={{S. Hanson et al.}},
  title={Exploring Variability and Performance in a Sub-200-mV Processor},
  journal="IEEE Journal of Solid-State Circuits",
  volume="43", number="4", pages="881-891", month="April", year="2008"}

@inproceedings{kwong-isscc08-short,
  title={{A 65nm Sub-$V_{t}$, Microcontroller with Integrated SRAM and Switched-Capacitor DC-DC Converter}}, 
  author={{J. Kwong et al.}}, 
  booktitle="IEEE International Solid-State Circuits Conference (ISSCC)",
  month="February", year="2008"}

% inproceedings{volcano-osdi06-short,
%  author={{G. Werner-Allen et al.}},
%  title={Fidelity and Yield in a Volcano Monitoring Sensor Network},
% booktitle = "Symposium on Operating Systems Design and Implementation (OSDI)",
%  month = "November",
%  year = 2006}

% Our citations, added by Mark
%It will only appear in the bib once it is cited once


 %Cornell SNAP

@inproceedings{snap-asplos04, 
  Title = {{An ultra low-power processor for sensor networks}},
  Author = {Virantha Ekanayake and Clinton Kelly and Rajit Manohar}, 
  booktitle = "Proceedings of the 11th international conference on Architectural support for programming languages and operating systems",
  address = "Boston, MA",
  month="Oct", year="2004"}


@inproceedings{snap-async03, 
  Title = {{SNAP: A Sensor-Network Asynchronous Processor}},
  Author = {Clinton Kelly and Virantha Ekanayake and Rajit Manohar}, 
  booktitle = "Proceedings of the 9th International Symposium on Asyncronous Circuits and Systems",
  address = "Vancouver, BC",
  month="May", year="2003"}


@inproceedings{snap-async05, 
  Title = {{BitSNAP: Dynamic Significance Compression For a Low-Energy Sensor Network Asynchronous Processor}},
  Author = {Virantha Ekanayake and Clinton Kelly and Rajit Manohar}, 
  booktitle = "Proceedings of the 11th International Symposium on Asyncronous Circuits and Systems",
  month="March", year="2005"}

%% Michigan

@inproceedings{isca05-nazhandali,
  title={Energy Optimization of Subthreshold-Voltage Sensor Network Processors}, 
  author="Leyla Nazhandali and Bo Zhai and Javin Olson and Anna Reeves and Michael Minuth and Ryan Helfand and Sanjay Pant and Todd Austin and David Blaauw", 
  booktitle="The 32nd Annual International Symposium on Computer Architecture (ISCA)",
  month="June", year="2005"}


@inproceedings{vlsi06-zhai,
title={"A 2.60pJ/Inst Subthreshold Sensor Processor for Optimal Energy Efficiency},
author="Bo Zhai and Leyla Nazhandali and Javin Olson and Anna Reeves and Michael Minuth and Ryan Helfand and Sanjay Pant and David Blaauw and Todd Austin",
  booktitle = "IEEE Symposium on VLSI Circuits (VLSI-Symp)",
  month="June", year="2006"}

@inproceedings{vlsi07-hanson,
  title={{Performance and Variability Optimization Strategies in a Sub-200mV, 3.5pJ/inst, 11nW Subthreshold Processor}},
  author="Mingoo Seok and Scott Hanson and Yu-Shiang Lin and Zhiyoong Foo and Daeyeon Kim and Yoonmyung Lee and Nurrachman Liu and Dennis Sylvester and David Blaauw",
  booktitle = "IEEE Symposium on VLSI Circuits (VLSI-Symp)",
  month="June", year="2008"}

@inproceedings{phoenix-vlsi08,
  title={{The Phoenix Processor: A 30pW Platform for Sensor Applications}},
  author="Scott Hanson and Bo Zhai and Mingoo Seok and Brian Cline and Kevin Zhou and Meghna Singhal and Michael Minuth and Javin Olson and Leyla Nazhandali and Todd Austin and Dennis Sylvester and David Blaauw",
  booktitle = "IEEE Symposium on VLSI Circuits (VLSI-Symp)",
  month="June", year="2007"}


  % MIT
@inproceedings{kwong-isscc08,
  title={{A 65nm Sub-$V_{t}$, Microcontroller with Integrated SRAM and Switched-Capacitor DC-DC Converter}}, 
  author="Joyce Kwong and Yogesh Ramadass and Naveen Verma and Markus Koesler and Korbinian Huber and Hans Moormann and Anantha Chandrakasan", 
  booktitle="IEEE International Solid-State Circuits Conference (ISSCC)",
  month="February", year="2008"}


  % misc

@article{rabaey-jolpe07,
  author="L P Alarcon and T-T Liu and M D Pierson and J M Rabaey",
  title={{Exploring Very Low-Energy Logic: A Case Study}},
  journal="Journal of Low Power Electronics",
  month="Dec", year="2007"}


@techreport{async-intro-tr,
  title={{"An Introduction to Asynchronous Circuit Design}},
  author=" A. Davis and S.M. Nowick",
  institution="University of Utah technical report, Department of Computer Science",
  number="UUCS-97-013", month="Sept", year="1997"}

@inproceedings{tilera64-isscc08,
  title={TILE64 Processor: A 64-Core SoC with Mesh Interconnect}, 
  author="Shane Bell et al", 
  booktitle="IEEE International Solid-State Circuits Conference (ISSCC)",
  month="February", year="2008"}


@article{jssc08-80tile,
  author="Sriram Vangal et al",
  title={An 80-Tile Sub-100-W TeraFLOPS Processor in 65-nm CMOS},
  journal="IEEE Journal of Solid-State Circuits",
  volume="43", number="1", pages="29-41", month="January", year="2008"}


%%%% Additional ISCA 2009 Citations %%%%%%%%
@misc{itrs07,
  author={{Semiconductor Industry Association}},
  title={{International Technology Roadmap for Semiconductors (ITRS)}},
  howpublished={\url{http://www.itrs.net}}}

@article{markhill-computer,
  author="Mark Hill and Michael Marty",
  title={{Amdahl's Law in the Multicore Era}},
  journal="IEEE Computer",
  month="July", year="2008"}

@inproceedings{isscc-cell-08,
  title={Migration of Cell Broadband Engine from 65nm SOI to 45nm SOI}, 
  author="O. Takahashi et al.", 
  booktitle="IEEE International Solid-State Circuits Conference (ISSCC)",
  month="February", year="2008"}

@article{jssc08-cell-spe,
  author="Brian Flachs et al",
  title={The Microarchitecture of the Synergistic Processor for a Cell Processor},
  journal="IEEE Journal of Solid-State Circuits",
  volume="41", number="1", pages="63-70", month="January", year="2006"}

@inproceedings{iscas04-h264,
  title={MPEG4 AVC/H.264 Decoder With Scalable Bus Architecture}, 
  author="Hae-Yong Kang and Kyung-Ah Jeong and Jung-Yang Bae and Young-Su Lee and Seung-Ho Lee", 
  booktitle="IEEE International Symposium on Circuits and Systems (ISCAS)",
  month="February", year="2004"}

@inproceedings{icip-h264-intel,
  title={Real-Time H.264/AVC Codec on Intel Architectures}, 
  author="Vaughn Iverson and Jess McVeigh and Bob Reese", 
  booktitle="International Conference on Image Processing (ICIP)",
  month="October", year="2004"}


@inproceedings{dac07-borkar-manycore,
  title={Thousand Core Chips--A Technology Perspective}, 
  author="Shekhar Borkar", 
  booktitle="Design Automation Conference (DAC)",
  month="June", year="2007"}

@inproceedings{isca08-vccmin,
  title={Trading off Cache Capacity for Reliability to Enable Low Voltage Operation}, 
  author="Chris Wilkerson and Hongliang Gao and Alaa Alameldeen and Zeshan Chishti", 
  booktitle="International Symposium on Computer Architecture (ISCA)",
  month="June", year="2008"}

@misc{ptm-web,
  author={{PTM}},
  title={{Predictive Technology Model}},
  howpublished={\url{http://www.eas.asu.edu/~ptm/}}}

@article{ptm-trans-ed,
  author="W Zhao and Y Cao",
  title={New generation of Predictive Technology Model for sub-45nm early design exploration},
  journal="IEEE Transactions on Electron Devices",
  volume="53", number="11", pages="2816-2823", month="November", year="2006"}

@book{HennPatt,
  author="John Hennessy and David Patterson", 
  title={{Computer Architecture: A Quantitative Approach}}, 
  publisher="Morgan Kaufmann Publishers", 
  address="Boston, Massachusetts", 
  year="2003"}

@book{WesteHarris,
  author="Neil Weste and David Harris", 
  title={{CMOS VLSI Design: A Circuits and Systems Perspective}}, 
  publisher="Pearson and Addison Wesley Publishers", 
  address="Boston, Massachusetts", 
  year="2005"}


@inproceedings{intel-atom-isscc08,
  title={A Sub-1W to 2W Low-Power IA Processor for Mobile internet Devices and Ultra-Mobile PCs in 45nm Hi-K Metal Gate CMOS}, 
  author="G. Gerosa et al", 
  booktitle="IEEE International Solid-State Circuits Conference (ISSCC)",
  month="Febr@inproceedings{sensys05-industrial,
title={Design and Deployment of Industrial Sensor Networks: Experiences from a Semiconductor Plant and the North Sea},
author="Lakshman Krishnamurthy and Robert Adler and Phil Buonadonna and Jasmeet Chhabra and Mick Flanigan and Nandakishore Kushalnagar and Lama Nachman and Mark Yarvis",
  booktitle = "Proceedings of the Third ACM Conference on Embedded Networked Sensor Systems (SenSys'04)",
  address = "San Diego, CA",
  month="Nov", year="2005"}uary", year="2008"}

@article{jssc07-xeon-2core,
  author="Stefan Rusu et al.",
  title={A 65-nm Dual-Core Multithreaded Xeon Processor With 16-MB L3 Cache},
  journal="IEEE Journal of Solid-State Circuits",
  volume="42", number="1", pages="17-25", month="January", year="2007"}

@misc{tomshardware-atom,
  author={{Tom's Hardware}},
  title={{Atom Benchmarked: 4W of Performance : Intel Atom 230 At 1.60 GHz with Hyper-Threading}},
  howpublished={\url{http:tomshardware.com/reviews/Intel-Atom-Efficient,1981.html}}}

@inproceedings{patel_micro2008,
  title={Tradeoffs in Designing Accelerator Architectures for Visual Computing}, 
  author="Ageel Mahesri and Daniel Johnson and Neal Crago and Sanjay Patel", 
  booktitle="International Symposium on Microarchitecture (MICRO)",
  month="November", year="2008"}

@inproceedings{isca06-soda,
  title={SODA: A Low-power Architecture For Software Radio}, 
  author="Yuan Lin and Hyunseok Lee and Mark Woh and Yoav Harel and Scott Mahlke and Trevor Mudge", 
  booktitle="International Symposium on Computer Architecture (ISCA)",
  month="June", year="2006"}




%%%%%%%%%%%% Additional MICRO 2008 Citations %%%%%%%%%
@inproceedings{iccad-memory,
  title={Architectural Power Models for  SRAM and CAM Structures Based on Hybrid Analytical/Empirical Techniques}, 
  author="Xiaoyao Liang and Kerem Turgay and David Brooks", 
  booktitle="International Conference on Computer Aided Design (ICCAD)",
  month="Nov", year="2007"}

@article{jssc02-PowerPC-SoC,
  author="Kevin J Nowka et al.",
  title="A 32-bit PowerPC System-on-a-Chip With Support for Dynamic Voltage Scaling and Dynamic Frequency Scaling",
  journal="IEEE Journal of Solid-State Circuits",
  volume="37", number="11", pages="1441-1447", month="Nov", year="2002"}

@inproceedings{codes02-soc-memory,
  title={Hardware Support for Real-Time Embedded Multiprocessor System-on-a-Chip Memory Management}, 
  author="Mohamed Shalan and Vincent J. Mooney", 
  booktitle="International Symposium on Hardware/Software Codesign (CODES)",
  month="May", year="2002"}


@inproceedings{dac06-security-proc,
  title={Software Architecture Exploration for High-Performance Security Processing on a Multiprocessor Mobile SoC}, 
  author="Divya Arora and Anand Raghunathan and Srivaths Ravi and Murugan Sankaradass and Niraj K. Jha and Srimat T. Chakradhar", 
  booktitle="Design Automation Conference (DAC)",
  month="July", year="2006"}

@inproceedings{isscc-app-proc-cellphone-nec,
  title={A 600MIPS 120mW 70$\mu A$ Leakage Triple-CPU Mobile Application Processor Chip}, 
  author="S. Torii et al.", 
  booktitle="IEEE International Solid-State Circuits Conference (ISSCC)",
  month="February", year="2005"}


@inproceedings{isscc-app-proc-cellphone,
  title={A Resume-Standby Application Processor for 3G Cellular Phones}, 
  author="T. Karmei et al.", 
  booktitle="IEEE International Solid-State Circuits Conference (ISSCC)",
  month="February", year="2004"}

@article{jssc05-cell,
  author="D.C Pham et al.",
  title="Overview of the architecture, circuit design, and physical implementation of a first-generation cell processor",
  journal="IEEE Journal of Solid-State Circuits",
  volume="41", number="1", pages="179-196", month="Jan", year="2006"}

@inproceedings{isca07-brick-mortar,
  title={Architectural Implications of Brick and Mortar SiliCon Manufacturing}, 
  author="Martha Mercaldi Kim and Mojtaba Mehrara and Mark Oskin and Todd Austin", 
  booktitle="International Symposium on Computer Architecture (ISCA)",
  month="June", year="2007"}

@article{transcad07-fpga-asic,
  author="Ian Kuon and Jonathan Rose",
  title="Measuring the Gap Between FPGAs and ASICs",
  journal="IEEE Transactions On Computer-Aided Design of Integrated Circuits and Systems",
  volume="26", number="2", pages="203-215", month="Feb", year="2007"}

@inproceedings{dac05-spiral-dft,
  title={Automatic Generation of Customized Discrete Fourier Transform IPs}, 
  author="Grace Nordin and Peter Milder and James Hoe and Markus Puschel", 
  booktitle="Design Automation Conference (DAC)",
  month="June", year="2005"}

@misc{spiral-web,
  author={{Spiral Project}},
  title={{Software/Hardware generation for DSP algorithms}},
  howpublished={\url{http://www.spiral.net}}}


%%%%%%%%%%%% New Citations for ISCA 2008 Submission %%%%%%%

@inproceedings{isca00-smart-memories,
  title={Smart Memories: A Modular Reconfigurable Architecture}, 
  author="Ken Mai and Tim Paaske and Nuwan Jayasena and Ron Ho and William J. Dally and Mark Horowitz", 
  booktitle="International Symposium on Computer Architecture (ISCA)",
  month="May", year="2000"}


@inproceedings{sensys03-mintroute,
title={Taming the Underlying Challenges of Reliable Multihop Routing in Sensor Networks},
author="A Woo and T Tong and D Culler",
  booktitle = "Proceedings of the First ACM Conference on Embedded Networked Sensor Systems (SenSys'03)",
  address = "Los Angeles, CA",
  month="Nov", year="2003"}

@inproceedings{sensys04-deluge,
title={The Dynamic Dehavior of a Data Dissemination Protocol for Network Programming at Scale},
author="J W Hui and D Culler",
  booktitle = "Proceedings of the Second ACM Conference on Embedded Networked Sensor Systems (SenSys'04)",
  address = "Baltimore, MD",
  month="Nov", year="2004"}


@inproceedings{sensys04-ftsp,
title={The Flooding Time Synchronization Protocol},
author="M Maroti and B Kusy and G Simon and A Ledeczi",
  booktitle = "Proceedings of the Second ACM Conference on Embedded Networked Sensor Systems (SenSys'04)",
  address = "Baltimore, MD",
  month="Nov", year="2004"}

@inproceedings{sensys05-industrial,
title={Design and Deployment of Industrial Sensor Networks: Experiences from a Semiconductor Plant and the North Sea},
author="Lakshman Krishnamurthy and Robert Adler and Phil Buonadonna and Jasmeet Chhabra and Mick Flanigan and Nandakishore Kushalnagar and Lama Nachman and Mark Yarvis",
  booktitle = "Proceedings of the Third ACM Conference on Embedded Networked Sensor Systems (SenSys'04)",
  address = "San Diego, CA",
  month="Nov", year="2005"}


@inproceedings{sensys04-sniper,
title={Sensor network-based countersniper system},
author="Gyula Simon et al.",
  booktitle = "Proceedings of the Second ACM Conference on Embedded Networked Sensor Systems (SenSys'04)",
  address = "Baltimore, MD",
  month="Nov", year="2004"}

@inproceedings{secon04-ecc,
title={A Public-Key Infrastructure for Key Distribution in TinyOS Based on Elliptic Curve Cryptography.},
author="David J. Malan and Matt Welsh and Michael D. Smith",
  booktitle = "First IEEE International Conference on Sensor and Ad Hoc Communications and Networks.",
  address = "Santa Clara, MD",
  month="October", year="2004"}


%%%%%%%%%%%%% NEW CASES PAPER CITATIONS %%%%%%%%%%%%%%%

@misc{bptm-web,
  author={{Device Research Group EECS, UC Berkeley}},
  title={{BPTM homepage offical site}},
  howpublished={\url{http://www-device.eecs.berkeley.edu/~ptm/mosfet.html}}}

@inproceedings{isca02-drowsy-cache,
  title={Drowsy Caches: Simple Techniques for Reducing Leakage Power}, 
  author="Krisztian Flautner and Nam Sung Kim and Steve Martin and David Blaauw and Trevor Mudge", 
  booktitle="The 29th Annual International Symposium on Computer Architecture (ISCA)",
  month="May", year="2002"}


@inproceedings{isscc-calhoun-sram,
  title={A 256kb Sub-threshold {SRAM} in 65nm {CMOS}}, 
  author="Benton H. Calhoun and Anantha Chandrakasan", 
  booktitle="IEEE International Solid-State Circuits Conference (ISSCC)",
  month="February", year="2006"}


@inproceedings{islped-vdd-gate,
  title={{Gated-Vdd: A Circuit Technique to Reduce Leakage in Deep-Submicron Cache Memories}}, 
  author="Michael Powell and Se-Hyun Yang and Babak Falsafi and Kaushik Roy and T.N. Vijaykumar", 
  booktitle="International Symposium on Low Power Electronics and Design (ISLPED)",
  month="June", year="2000"}



@inproceedings{cases05-umich,
  title={A second-generation sensor network processor with application-driven memory optimizations and out-of-order execution},
  author="Leyla Nazhandali and Michael Minuth and Bo Zhai and Javin Olson and Scott Hanson and Todd Austin and David Blaauw", 
  booktitle="ACM/IEEE International Conference on Compilers, Architecture, and Synthesis for Embedded Systems (CASES)",
  month="September", year="2005"}

@inproceedings{wcs05-nazhandali,
  title={SenseBench: toward an accurate evaluation of sensor network processors},
  author="L Nazhandali and M Minuth and T Austin", 
  booktitle="IEEE International Workload Characterization Symposium",
  month="October", year="2005"}

@inproceedings{abb-iccad02,
author = "Steven M. Martin and Krisztian Flautner and Trevor Mudge and David Blaauw",
title = {Combined Dynamic Voltage Scaling and Adaptive Body Biasing for Lower Power Microprocessors under Dynamic Workloads}, 
booktitle="International Conference on Computer-Aided Design (ICCAD)", 
month="November", year="2002"}
}

@inproceedings{karnik-iccad02,
author = "Tanay Karnik and Shekhar Borkar and Vivek De",
title = {Sub-90nm Technologies--Challenges and Opportunities for CAD}, 
booktitle="International Conference on Computer-Aided Design (ICCAD)", 
month="November", year="2002"}
}

@article{dualvt-vlsi,
  author="L. Wei and Z. Chen and K. Roy and M. Johnson and Y. Ye and V. De",
  title="Design and Optimization of Dual Threshold Circuits for Low-Voltage Low-Power Applications",
  journal="IEEE Trans. VLSI",
  volume="7", number="1", pages="16-24", month="Mar", year="1999"}

@inproceedings{xscale-vbb-islped02,
  title={{Standby power management for a 0.18$\mu$m microprocessor}}, 
  author="Lawrence T. Clark and Shay Demmons and Neil Deutscher and Franco Ricci", 
  booktitle="Proc. ISLPED",
  month="Aug", year="2002"}

@article{back-body-jssc99,
author = "Hiroyuki Mizuno et al.", 
title = {{An 18-$\mu$A standby current 1.8-V 200-MHz microprocessor with self-substrate-biased data-retention mode}},
journal = {IEEE Journal of Solid-State Circuits},
year = 1999,
volume = {34},
number = {11},
pages = {1492--1500},
}

@inproceedings{bptm-cicc,
  title={{New paradigm of predictive MOSFET and interconnect modeling for early circuit design}}, 
  author="Y. Cao and T. Sato and D. Sylvester and M. Orshansky and C. Hu", 
  booktitle="Proc. IEEE CICC",
  month="June", year="2000"}

@article{tradeoff-jsscc93,
author = "Dake Liu and Christer Svensson", 
title = {{Trading speed for low power by choice of supply and threshold voltages}},
journal = {IEEE Journal of Solid-State Circuits},
month = "January",
year = "1993",
pages = {10-17},
}


%%%%%%%%%%%%

@inproceedings{gaf-mobicom, 
  Title = {{Geography-informed Energy Conservation for Ad Hoc Routing}},
  Author = {Ya Xu and John Heidemann and Deborah Estrin}, 
  booktitle = "Proceedings of the Seventh Annual ACM/IEEE International Conference on Mobile Computing and Networking (ACM MobiCom)",
  address = "Rome, Italy",
  month="July", year="2001"}

@article{itrs04,
 journal = {Semiconductor Industry Association},
 title = {International Technology Roadmap for Semiconductors},
 year = {2004}
}

@inproceedings{bmac-sensys, 
  Title = {{Versatile Low Power Media Access for Wireless Sensor Networks}},
  Author = {Joseph Polastre and Jason Hill and David Culler}, 
  booktitle = "Proceedings of the Second ACM Conference on Embedded Networked Sensor Systems (SenSys'04)",
  address = "Baltimore, MD",
  month="Nov", year="2004"}

@misc{systemc,
  author={{Open SystemC Initiative}},
  title={{SystemC}},
  howpublished={\url{http://www.systemc.org}}}

@misc{nanosim,
  author={{Synopsys Corporation}},
  title={{NanoSim - High capacity and high performance circuit simulation}},
  howpublished={\url{http://www.synopsys.com/products/mixedsignal/nanosim/nanosim.html}}}


@inproceedings{atemu-secon, 
  Title = {{ATEMU: A Fine-grained Sensor Network Simulator}},
  Author = {Manish Karir and Jonathan Polley and Dionysys Blazakis and Jonathan McGee and Dan Rusk and John S. Baras}, 
  booktitle = "Proceedings of First IEEE International Conference on Sensor and Ad Hoc Communication Networks (SECON'04)",
  address = "Santa Clara, CA",
  month="Oct", year="2004"}

@misc{cc2420,
  author={{Chipcon AS}},
  title={{CC2420 2.4GHz IEEE 802.15.4/ZigBee-ready RF Transceiver}},
  howpublished={\url{http://www.chipcon.com}}}

@misc{msp430,
  author={{Texas Instruments}},
  title={{TI MSP430F149 Ultra-Low Power Microcontroller}},
  howpublished={\url{http://www.ti.com}}}

@inproceedings{telos,
Title = {{The Mote Revolution: Low Power Wireless Sensor Network Devices}},
Author = {Joseph Polastre and Robert Szewczyk and Cory Sharp and David Culler},
booktitle = {In Hot Chips 16: A Symposium on High Performance Chips},
month = "Aug",
year = "2004"}


@inproceedings{volcano-ewsn,
  author="Geoffrey Werner-Allen and Jeff Johnson and Mario Ruiz and Jonathan Less and Matt Welsh",
  title={Monitoring Volcanic Eruptions with a Wireless Sensor Network},
 booktitle = "Proceedings of the Second European Workshop on Wireless Sensor Networks (EWSN)",
  month = "January",
  year = 2005}

% inproceedings{volcano-osdi06,
%  author="Geoffrey Werner-Allen and Konrad Lorincz and Jeff Johnson and Jonathan Less and Matt Welsh",
%  title={Fidelity and Yield in a Volcano Monitoring Sensor Network},
% booktitle = "Proceedings of the USENIX Symposium on Operating Systems Design and Implementation (OSDI)",
%  month = "November",
%  year = 2006}

@misc{volcano,
  author={{Geoffrey Werner-Allen and Matt Welsh}},
  title="Monitoring Volcanic Eruptions with a Wireless Sensor Network",
  howpublished={\url{http://www.eecs.harvard.edu/~werner/projects/volcano/}}}

@inproceedings{zebranet-sensys, 
  Title = {{Hardware Design Experiences in ZebraNet}},
  Author = {P. Zhang and C.M. Sadler and S. Lyon and M. Martonosi},
  booktitle = "Proceedings of the Second ACM Conference on Embedded Networked Sensor Systems (SenSys'04)",
  address = "Baltimore, MD",
  month="Nov", year="2004"}

@article{emt-pervasive04,
  author="Konrad Lorincz and David Malan and Thaddeus R. F. Fulford-Jones and Alan Nawoj and Antony Clavel and Victor Shnayder and Geoff Mainland and Steve Moulton and Matt Welsh",
  title="Sensor Networks for Emergency Response: Challenges and Opportunities",
  journal="IEEE Pervasive Computing",
  month="Oct-Dec", year="2004"}

@inproceedings{ekg-embs, 
  Title = {{A Portable, Low-Power, Wireless Two-Lead EKG System}},
  Author = {Thaddeus R. F. Fulford-Jones and Gu-Yeon Wei and Matt Welsh}, 
  booktitle = "In Proceedings of the 26th IEEE EMBS Annual International Conference",
  address = "San Francisco, CA",
  month="Sept", year="2004"}

@misc{spec,
  author={{Standard Performance Evaluation Corporation}},
  title={{SPEC Benchmark Suite}},
  howpublished={\url{http://www.spec.org}}}

@misc{eembc,
  author={{Embedded Microprocessor Benchmark Consortium}},
  title={{EEMBC Benchmark Suite}},
  howpublished={\url{http://www.eembc.org}}}

@article{itrs02,
 journal = {Semiconductor Industry Association},
 title = {International Technology Roadmap for Semiconductors},
 year = {2002}
}

@manual(zigbee,
title = "IEEE 802.15.4 Standard",
organization = "ZigBee Alliance",
address = "http://www.zigbee.org",
)

@inproceedings{snap-asplos, 
  Title = {{An ultra low-power processor for sensor networks}},
  Author = {Virantha Ekanayake and Clinton Kelly and Rajit Manohar}, 
  booktitle = "Proceedings of the 11th international conference on Architectural support for programming languages and operating systems",
  address = "Boston, MA",
  month="Oct", year="2004"}




%These Citations were from the 299r paper, we don't need to use all of them 

%from Matt's citations, not really sure what they are used for
@string{proc = "Proc. "}
@string{sosp = "SOSP"}
@string{osdi = "OSDI"}

%% Leakage Sources
@article{statmodel-vlsi,
  author="Rajeev Rao and Ashish Strivastava and David Blaauw and Dennis Sylvester",
  title="Statistical Analysis of Subthreshold Leakage Current for VLSI Circuits",
  journal="IEEE Transactions On VLSI Systems",
  volume="12", number="2", pages="131-139", month="Feb", year="2004"}

@inproceedings{leakage-islped02,
  title={Full-chip Sub-threshold Leakage Power Prediction Model for sub-0.18 $\mu$m CMOS}, 
  author="Siva Narendra and Vivek De and Shekhar Borkar and Dimitri Antoniadis and Anan`tha P. Chandrakasan", 
  booktitle=proc # " ISLPED",
  month="Aug", year="2002"}

@misc{bsim-web,
  author={{Device Research Group of the Department of of Electrical Engineering and Computer Science, University of California, Berkeley}},
  title={{BSIM Homepage Offical Site}},
  howpublished={\url{http://www-device.eecs.berkeley.edu/~bsim/}}}


%tech scaling
@article{scaling-micro,
  author="Shekhar Borkar",
  title="Design Challenges of Technology Scaling",
  journal="IEEE Micro",
  pages="23-29", month="July-Aug", year="1999"}

@article{scaling-ieee,
  author="David J. Frank and Robert H. Dennard and Edward Dowak and Paul M. Solomon and Yuan Taur and Hon-Sum Philip Wong",
  title={{Device Scaling Limits of Si MOSFETs and Their Application Dependencies}},
  journal="Proceedings of the IEEE",
  volume="89", number="3", pages="259-288", month="March", year="2001"}




%% Hardware designs


@inproceedings{asplos08-merge,
  title={Merge: A Programming Model for Heterogeneous Multi-core Systems}, 
  author="Michael Linderman and Jamison Collins and Hong Wang and Teresa Meng", 
  booktitle=proc # "ASPLOS",
  month="March", year="2008"}


@inproceedings{charm-vlsi06,
  title={A Power-Managed Protocol Processor for Wireless Sensor Networks}, 
  author="M Sheets and F Burghardt and T Karalar and J Ammer and Y.H Chee and J Rabaey", 
  booktitle=proc # "VLSI",
  month="June", year="2006"}

@inproceedings{ulp-snap,
  title={An Ultra Low-Power Processor for Sensor Networks}, 
  author="Virantha Ekanayake and Clinton Kelly, IV and Rajit Manohar", 
  booktitle=proc # "ASPLOS",
  month="Oct", year="2004"}

@article{picoradio-computer,
  author="Jan M. Rabaey and M. Josie Ammer and Julio L. da Silva Jr. and Danny Patel and Shad Roundy",
  title="PicoRadio Support AdHoc Ultra-Low Power Wireless Networking",
  journal="IEEE Computer",
  volume="33", number="7", pages="42-48", month="July", year="2000"}

@inproceedings{uamps-vlsi,
  title={Design Considerations for Next Generation Wireless Power-Aware Microsensor Nodes}, 
  author="David D. Wentzloff and Benton H. Calhoun and Rex Min and Alice Wang and Nathan Ickes and Anantha P. Chandrakasan", 
  booktitle=proc # " VLSID",
  month="Jan", year="2004"}

@inproceedings{radiobeacon-islped03,
  title={{A 1.9GHz RF Transmit Beacon using Environmentally Scavenged Energy}}, 
  author="Shad Roundy and Brian P. Otis and Yuen-Hui Chee and Jan M. Rabaey and Paul Wright", 
  booktitle=proc # " ISLPED",
  month="Aug", year=2003}

@inproceedings{medusa-iccd,
  title={A Distributed Computation Platform for Wireless Embedded Sensing}, 
  author="Andreas Savvides and Mani B. Srivastava", 
  booktitle=proc # " ICCD",
  month="Sept", year="2002"}

@inproceedings{microcntl-isscc04,
  title={An Ultra-Low Energy Microcontroller for Smart Dust Wireless Sensor Networks}, 
  author="Brett A. Warneke and Kristofer S.J. Pister", 
  booktitle=proc # " ISSCC",
  month="Jan", year="2004"}

@inproceedings{ucbnode-ics,
  title={{An Autonomous 16 mm3 Solar-Powered Node for Distributed Wireless Sensor Networks}}, 
  author="Brett A. Warneke and Michael D. Scott and Brian S. Leibowitz and Lixia Zhou and Colby L. Bellew and J. Alex Chediak and Joseph M. Kahn and Bernhard E. Boser and Kristofer S.J. Pister", 
  booktitle=proc # " Int'l Conference on Sensors",
  month="June", year="2002"}

@inproceedings{fft-isscc04,
  title={{A 180mV FFT Processor Using Subthreshold Circuit Techniques}}, 
  author="Alice Wang and Anantha Chandrakasan", 
  booktitle=proc # " ISSCC",
  month="Jan", year="2004"}

%% Energy Scavengin
@article{roundy-vibrations,
  author="Shad Roundy and Paul K. Wright and Jan Rabaey",
  title="A study of low level vibrations as a power source for wireless sensor nodes",
  journal="Computer Communications",
  volume="26", number="1", pages="1131-1144", month="July", year="2003"}


@article{amir-vibrations,
author = "R. Amirtharajah and A.P. Chandrakasan", 
title = "Self-Powered Signal Processing Using Vibration-Based Power Generation",
journal = {IEEE Journal of Solid-State Circuits},
volume = {33},
number = {5},
pages = {687--695},
}

@article{starner,
author = "T. Starner",
title = "Human-powered wearable computing",
journal = {{IBM} Systems Journal},
volume = {35},
number = {3},
year = {1996},
pages = {619--629},
}

@article{shenck,
 author = {N.S. Shenck and J.A. Paradiso},
 title = {Energy scavenging with shoe-mounted piezoelectrics},
 journal = {IEEE Micro},
 volume = {21},
 year = {2001},
 pages = {30--41},
 }

@phdthesis{randall-thesis,
author = "Julian Randall",
title = "{On ambient energy sources for powering indoor electronic devices}",
school="Ecole Polytechnique Federale de Lausanne",
month ="May",
year="2003",
}

@inproceedings{stordeur,
author = "M. Stordeur and I. Stark",
title = "Low power thermoelectric generator-self-sufficient energy supply for micro systems",
booktitle = "16th International Conference on Thermoelectrics",
year = {1997},
pages = {575--577},
}


%% TinyOS and Apps
@inproceedings{glaser-spie04,
  title={Some real-world applications of wireless sensor nodes}, 
  author="Steven D. Glaser", 
  booktitle=proc # " SPIE Symposium on Smart Structures and Materials",
  month="March", year=2004}

@inproceedings{nesc-pldi03,
  title={The {nesC} Language: {A} Holistic Approach to Networked Embedded 
  Systems}, 
  author="David Gay and Phil Levis and Rob von Behren and Matt Welsh and 
  Eric Brewer and David Culler", 
  booktitle=proc # " Programming Language Design and Implementation (PLDI)",
  month="June", year=2003}

% inproceedings{tinyos-asplos00,
%    author = "Jason Hill and Robert Szewczyk and Alec Woo and Seth Hollar and David E. Culler and Kristofer S. J. Pister",
%    title = "System Architecture Directions for Networked Sensors",
%    booktitle = "Architectural Support for Programming Languages and Operating Systems",
%    pages = "93-104",
%    year = "2000",
%    url = "citeseer.nj.nec.com/382595.html" }

@PhdThesis{jhill-thesis,
  author = 	 {Jason Hill},
  title = 	 {System Architecture for Wireless Sensor Networks},
  school = 	 {UC Berkeley},
  year = 	 2003,
  month =	 {May}
}

@misc{micaz,
  author={{Memsic Corporation}},
  title="MicaZ Sensor Node",
  howpublished={\url{http://www.memsic.com}}}

@MastersThesis{polastre-masters,
  author = 	 {Joseph Polastre},
  title = 	 {Design and Implementation of Wireless Sensor Networks for Habitat Monitoring},
  school = 	 {UC Berkeley},
  year = 	 2003
}

@inproceedings{ habitat-wsna02,
  author = "Alan Mainwaring and Joseph Polastre and Robert Szewczyk and David Culler and John Anderson",
  title = "Wireless Sensor Networks for Habitat Monitoring",
  booktitle = "ACM International Workshop on Wireless Sensor Networks and Applications (WSNA'02)",
  address = "Atlanta, GA",
  month = Sep,
  day = 28,
  year = 2002,
  url = "citeseer.nj.nec.com/mainwaring02wireless.html" }

@inproceedings{gdi-ewsn04,
   title="Lessons from a Sensor Network Expedition",
   author="R. Szewczyk and J. Polastre and A. Mainwaring and D. Culler",
   booktitle = proc # "the First European Workshop on Wireless Sensor 
   Networks (EWSN)", month="January", year=2004}

@inproceedings{tinydb-osdi, 
  Title = {{TAG: A Tiny AGgregation Service for Ad-Hoc 
  Sensor Networks}},
  Author = {Samuel Madden and Michael J. Franklin and Joseph M.
  Hellerstein and Wei Hong}, 
  booktitle = proc # "the 5th " # osdi,
  month="December", year="2002"}


@inproceedings{heidemann01,
author = {John Heidemann and Fabio Silva and Chalermek Intanagonwiwat and 
Ramesh Govindan and Deborah Estrin and Deepak Ganesan},
title = {Building efficient wireless sensor networks with low-level 
naming},
booktitle = {Proceedings of the 18th ACM Symposium on Operating 
Systems Principles},
month = {October},
year = {2001},
pages = {146--159},
}

@inproceedings{schurgers02,
author = {Curt Schurgers and Vlasios Tsiatsis and Saurabh Ganeriwal and 
Mani Srivastava},
title = {Topology management for sensor networks: exploiting latency and 
density},
booktitle = {Proceedings of the 3rd ACM International Symposium on Mobile 
Ad Hoc Networking \& Computing},
month = {June},
year = {2002},
pages = {135--145},
}

%% From PowerTOSSIM
% InProceedings{tossim-sensys03,
%  title={{TOSSIM}: Accurate and Scalable Simulation of Entire {TinyOS} Applications},
%  author= {Philip Levis and Nelson Lee and Matt Welsh and David Culler},
%  booktitle = {Proceedings of the First ACM Conference on Embedded Networked Sen
%sor Systems (SenSys) 2003},
%  month = nov,
%  year = 2003}

@misc{agilent,
  title={{Agilent 54832B Infiniium Oscilloscope}},
  key="agilent",
  howpublished={\url{http://www.agilent.com}}}

@misc{analog,
  title={{Analog Devices AD620 Instrumentation Ampifier}},
  key="analog",
  howpublished={\url{http://www.analog.com}}}



%%%%%%%%%%%%%%%%% examples
% Citation for a journal paper.
@article{shewchuk-delaunay,
  author="Jonathan Shewchuk",
  title="Delaunay Refinement Algorithms for Triangular Mesh Generation",
  journal="Computational Geometry: Theory and Applications",
  volume="22", number="1-3", pages="21-74", month="May", year="2002"}

% Citation for a tech report.
@techreport{irisnet-tr,
  title="{IrisNet}: {A}n Architecture for Enabling Sensor-Enriched {I}nternet Service",
  author="Suman Nath and Yan Ke and Phillip B. Gibbons and Brad Karp and Srinivasan Seshan",
  institution="Intel Research Pittsburgh",
  number="IRP-TR-03-04", month="June", year="2003"}

% Citation for a book.
@book{mpi-book,
  author="William Gropp and Ewing Lusk and Anthony Skjellum", 
  title={{Using MPI: Portable Parallel Programming with the Message 
  Passing Interface}}, 
  publisher="MIT Press", 
  address="Cambridge, Massachusetts", 
  year="1994"}

% Citation for a Web site, company, or other document that does not
% fit one of the above.
@misc{estrin-contaminant,
  author={{Center for Embedded Network Sensing}},
  title="Contaminant Transport Monitoring",
  howpublished={\url{http://cens.ucla.edu/Research/Applications/ctm.htm}}}

@misc{AVR-ISA,
  author={{ATMEL Corporation}},
  title="8-bit AVR Instruction Set",
  howpublished={\url{http://www.atmel.com/dyn/resources/prod_documents/DOC0856.PDF}}}
